
%%%%%%%%%%%%%%%%%%%%%%%%%
%%%%%  proceeding  %%%%%%
%%%%%%%%%%%%%%%%%%%%%%%%%

@inproceedings{AMIE,
	AUTHOR = {Gal\'{a}rraga, Luis Antonio and Teflioudi, Christina and Hose, Katja and Suchanek, Fabian},
	TITLE = {{AMIE}: Association Rule Mining Under Incomplete Evidence in Ontological Knowledge Bases},
	BOOKTITLE = {Proceedings of {WWW} 2013},
	PAGES = {413--422},
	YEAR = {2013}	}


@inproceedings{BelNet,
	AUTHOR = {Man Zhu and Zhiqiang Gao and Pan, J.Z. and Yuting Zhao and Ying Xu and Zhibin Quan},
	TITLE = {Ontology Learning from Incomplete Semantic Web Data by BelNet},
	BOOKTITLE = {Proceedings of {ICTAI} 2013},
	PAGES = {761-768},
	YEAR = {2013}	}

@INPROCEEDINGS{DBpedia2007,
	AUTHOR = {Auer, S{\"o}ren and Bizer, Christian and Kobilarov, Georgi and Lehmann, Jens and Cyganiak, Richard and Ives, Zachary},
	TITLE = {DBpedia: A Nucleus for a Web of Open Data},
	BOOKTITLE = {Proceedings of {ISWC} 2007 + {ASWC} 2007},
	PAGES = {722-735},
	YEAR = {2007}	}

@inproceedings{Debugging,
	AUTHOR = {Christian Meilicke and Johanna V{\"{o}}lker and Heiner Stuckenschmidt},
	TITLE = {Learning Disjointness for Debugging Mappings between Lightweight Ontologies},
	BOOKTITLE = {Proceedings of {EKAW} 2008},
	PAGES = {93--108},
	YEAR = {2008}	}

@inproceedings{dl,
	AUTHOR = {Nicola Fanizzi and
               Claudia d'Amato and
               Floriana Esposito},
	TITLE = { {DL-FOIL} Concept Learning in Description Logics},
	BOOKTITLE = {Proceedings of {ILP} 2008},
	PAGES = {107--121},
	YEAR = {2008}	}

@inproceedings{Inductivedisjoint,
	AUTHOR = {Fleischhacker, Daniel and V{\"o}lker, Johanna},
	TITLE = {Inductive Learning of Disjointness Axioms},
	BOOKTITLE = {Proceedings of {OTM} 2011},
	PAGES = {680-697},
	YEAR = {2011}	}

@inproceedings{MitchellCHTBCMG15,
  author    = {Tom M. Mitchell and
               William W. Cohen and
               Estevam R. Hruschka Jr. and et al.},
  title     = {Never-Ending Learning},
  booktitle = {Proceedings of the Twenty-Ninth {AAAI} Conference on Artificial Intelligence,
               January 25-30, 2015, Austin, Texas, {USA.}},
  pages     = {2302--2310},
  year      = {2015}
}


@inproceedings{NolleMCNS16,
  author    = {Andreas Nolle and
               Christian Meilicke and
               Melisachew Wudage Chekol and
               German Nemirovski and
               Heiner Stuckenschmidt},
  title     = {Schema-Based Debugging of Federated Data Sources},
  booktitle = {{ECAI} 2016 - 22nd European Conference on Artificial Intelligence,
               29 August-2 September 2016, The Hague, The Netherlands - Including
               Prestigious Applications of Artificial Intelligence {(PAIS} 2016)},
  pages     = {381--389},
  year      = {2016}
}

@inproceedings{NoessnerNMS10,
  author    = {Jan Noessner and
               Mathias Niepert and
               Christian Meilicke and
               Heiner Stuckenschmidt},
  title     = {Leveraging Terminological Structure for Object Reconciliation},
  booktitle = {The Semantic Web: Research and Applications, 7th Extended Semantic
               Web Conference, {ESWC} 2010, Heraklion, Crete, Greece, May 30 - June
               3, 2010, Proceedings, Part {II}},
  pages     = {334--348},
  year      = {2010}
}

@inproceedings{Onoclean,
  author    = {Nicola Guarino and
               Christopher A. Welty},
  title     = {A Formal Ontology of Properties},
  booktitle = {Proceedings of {EKAW} 2000},
  pages     = {97--112},
  year      = {2000},
}

@inproceedings{Probase,
  author    = {Wentao Wu and
               Hongsong Li and
               Haixun Wang and
               Kenny Qili Zhu},
  title     = {Probase: a probabilistic taxonomy for text understanding},
  booktitle = {Proceedings of {SIGMOD} 2012},
  pages     = {481--492},
  year      = {2012},
}

@inproceedings{Revision,
	AUTHOR = {Guilin Qi and Zhe Wang and Kewen Wang and Xuefeng Fu and Zhiqiang Zhuang},
	TITLE = {Approximating Model-Based ABox Revision in DL-Lite: Theory and Practice},
	BOOKTITLE = {Proceedings of {AAAI} 2015},
	PAGES = {254-260},
	YEAR = {2015}	}

@inproceedings{statisticschema,
	AUTHOR = {V{\"o}lker, Johanna and Niepert, Mathias},
	TITLE = {Statistical Schema Induction},
	BOOKTITLE = {Proceedings of {ESWC} 2011},
	PAGES = {124-138},
	YEAR = {2011}	}


@inproceedings{topper2012dbpedia,
	AUTHOR = {T{\"o}pper, Gerald and Knuth, Magnus and Sack, Harald},
	TITLE = {DBpedia ontology enrichment for inconsistency detection},
	BOOKTITLE = {Proceedings of {I-SEMANTICS} 2012},
	PAGES = {33--40},
	YEAR = {2012}	}

@inproceedings{typeinference,
	AUTHOR = {Paulheim, Heiko and Bizer, Christian},
	TITLE = {Type Inference on Noisy {RDF} Data},
	BOOKTITLE = {Proceedings of {ISWC} 2013},
	PAGES = {510-525},
	YEAR = {2013}	}


@inproceedings{universal,
	AUTHOR = {Lorenz B{\"{u}}hmann and Jens Lehmann},
	TITLE = {Universal {OWL} Axiom Enrichment for Large Knowledge Bases},
	BOOKTITLE = {Proceedings of {EKAW} 2012},
	PAGES = {57--71},
	YEAR = {2012}	}

@inproceedings{use,
  author    = {Samuel Sarjant and
               Bernhard Pfahringer and
               Kurt Driessens and
               Tony Smith},
  title     = {Using the online cross-entropy method to learn relational policies
               for playing different games},
  booktitle = {Proceedings of {CIG} 2011},
  pages     = {182--189},
  year      = {2011},
}

@inproceedings{volker2007learning,
	AUTHOR = {V{\"o}lker, Johanna and Vrande{\v{c}}i{\'c}, Denny and Sure, York and Hotho, Andreas},
	TITLE = {Learning Disjointness},
	BOOKTITLE = {Proceedings of {ESWC} 2007},
	PAGES = {175--189},
	YEAR = {2007}	}

@inproceedings{Yago2007,
	AUTHOR = {Suchanek, Fabian M. and Kasneci, Gjergji and Weikum, Gerhard},
	TITLE = {Yago: A Core of Semantic Knowledge},
	BOOKTITLE = {Proceedings of {WWW} 2007},
	PAGES = {697--706},
	YEAR = {2007}	}



%%%%%%%%%%%%%%%%%%%%%%%%%
%%%%%  article  %%%%%%%%%
%%%%%%%%%%%%%%%%%%%%%%%%%


@article{AMR+,
	AUTHOR = {Agrawal R and Mannila H and Srikant R, et al},
	TITLE = {Fast Discovery of Association ruless},
	JOURNAL = {Advances in knowledge discovery and data mining},
	VOLUME = {12},
	NUMBER = {1},
	PAGES = {307-328},
	YEAR = {1996}	}

@article{BelNet+,
	AUTHOR = {Man Zhu and Zhiqiang Gao and Jeff Z. Pan and Yuting Zhao and Ying Xu and Zhibin Quan},
	TITLE = {TBox learning from incomplete Data by Inference in BelNet\textsuperscript{+}},
	JOURNAL = {Knowledge-Based Systems},
	VOLUME = {75},
	NUMBER = {5},
	PAGES = {30-40},
	YEAR = {2015}	}

@article{BizerHB09,
  author    = {Christian Bizer and
               Tom Heath and
               Tim Berners{-}Lee},
  title     = {Linked Data - The Story So Far},
  journal   = {Int. J. Semantic Web Inf. Syst.},
  volume    = {5},
  number    = {3},
  pages     = {1--22},
  year      = {2009}
}

@article{BuhmannLW16,
  author    = {Lorenz B{\"{u}}hmann and
               Jens Lehmann and
               Patrick Westphal},
  title     = {DL-Learner - {A} framework for inductive learning on the Semantic
               Web},
  journal   = {J. Web Sem.},
  volume    = {39},
  pages     = {15--24},
  year      = {2016}
}

@article{conceptlearn,
	AUTHOR = {Jens Lehmann and Pascal Hitzler},
	TITLE = { Concept learning in description logics using refinement operators},
	JOURNAL = {Machine Learning},
	VOLUME = {1-2},
	NUMBER = {78},
	PAGES = {203--250},
	YEAR = {2010}	}


@article{learnowl,
	AUTHOR = {Hellmann S and Lehmann J and Auer S},
	TITLE = { Learning of owl class expressions on very large knowledge bases and its applications},
	JOURNAL = {Interoperability Semantic Services and Web Applications},
	PAGES = {104-130},
	YEAR = {2011}	}


@article{LehmannIJJKMHMK15,
  author    = {Jens Lehmann and
               Robert Isele and
               Max Jakob and
               Anja Jentzsch and
               Dimitris Kontokostas and
               Pablo N. Mendes and
               Sebastian Hellmann and
               Mohamed Morsey and
               Patrick van Kleef and
               S{\"{o}}ren Auer and
               Christian Bizer},
  title     = {DBpedia - {A} large-scale, multilingual knowledge base extracted from
               Wikipedia},
  journal   = {Semantic Web},
  volume    = {6},
  number    = {2},
  pages     = {167--195},
  year      = {2015}
}

@article{Linked,
  AUTHOR    = {Christian Bizer and
               Tom Heath and
               Tim Berners{-}Lee},
  TITLE     = {Linked Data - The Story So Far},
  JOURNAL   = {J. Semantic Web Inf. Syst.},
  VOLUME    = {5},
  NUMBER    = {3},
  PAGES     = {1--22},
  YEAR      = {2009},
}

@article{SaRR0W0Z17,
  author    = {Christopher De Sa and
               Alexander Ratner and
               Christopher R{\'{e}} and
               Jaeho Shin and
               Feiran Wang and
               Sen Wu and
               Ce Zhang},
  title     = {Incremental knowledge base construction using DeepDive},
  journal   = {{VLDB} J.},
  volume    = {26},
  number    = {1},
  pages     = {81--105},
  year      = {2017}
}



@article{semanticweb,
  title={The semantic web},
  author={Berners-Lee, Tim and Hendler, James and Lassila, Ora and others},
  journal={Scientific american},
  volume={284},
  number={5},
  pages={28--37},
  year={2001},
}

@article{VolkerFS15,
  author    = {Johanna V{\"{o}}lker and
               Daniel Fleischhacker and
               Heiner Stuckenschmidt},
  title     = {Automatic acquisition of class disjointness},
  journal   = {J. Web Sem.},
  volume    = {35},
  pages     = {124--139},
  year      = {2015}
}


@article{wordnet,
	AUTHOR = {George A. Miller},
	TITLE = { WordNet: {A} Lexical Database for English},
	JOURNAL = {Commun. {ACM}},
	VOLUME = {38},
	NUMBER = {11},
	PAGES = {39-41},
	YEAR = {1995}	}


************** book

@book{HanK2012,
  author    = {Jiawei Han and
               Micheline Kamber and
               Jian Pei},
  title     = {Data Mining: Concepts and Techniques},
  publisher = {Morgan Kaufmann},
  year      = {2012}
}
