@book{ abelson-et-al:scheme,
  author = "Harold Abelson and Gerald~Jay Sussman and Julie Sussman",
  title = "Structure and Interpretation of Computer Programs",
  publisher = "MIT Press",
  address = "Cambridge, Massachusetts",
  year = "1985"
}

@INPROCEEDINGS{DBpedia2007,
	AUTHOR = {Auer, S{\"o}ren and Bizer, Christian and Kobilarov, Georgi and Lehmann, Jens and Cyganiak, Richard and Ives, Zachary},
	TITLE = {DBpedia: A Nucleus for a Web of Open Data},
	BOOKTITLE = {Proceedings of {ISWC} 2007 + {ASWC} 2007},
	PAGES = {722-735},
	YEAR = {2007}	}


@inproceedings{NELL2015,
  author    = {Tom M. Mitchell and
               William W. Cohen and
               Estevam R. Hruschka Jr. and et al.},
  title     = {Never-Ending Learning},
  booktitle = {Proceedings of the Twenty-Ninth {AAAI} Conference on Artificial Intelligence,
               January 25-30, 2015, Austin, Texas, {USA.}},
  pages     = {2302--2310},
  year      = {2015}
}

@inproceedings{Yago2007,
	AUTHOR = {Suchanek, Fabian M. and Kasneci, Gjergji and Weikum, Gerhard},
	TITLE = {Yago: A Core of Semantic Knowledge},
	BOOKTITLE = {Proceedings of {WWW} 2007},
	PAGES = {697--706},
	YEAR = {2007}	
	}

	@inproceedings{NickelTK11,
  author    = {Maximilian Nickel and
               Volker Tresp and
               Hans{-}Peter Kriegel},
  title     = {A Three-Way Model for Collective Learning on Multi-Relational Data},
  booktitle = {Proc. of ICML},
  pages     = {809--816},
  year      = {2011}
}

@inproceedings{SocherCMN13,
  author    = {Richard Socher and
               Danqi Chen and
               Christopher D. Manning and
               Andrew Y. Ng},
  title     = {Reasoning With Neural Tensor Networks for Knowledge Base Completion},
  booktitle = {NIPS},
  pages     = {926--934},
  year      = {2013}
}

@inproceedings{BordesUGWY13,
  author    = {Antoine Bordes and
               Nicolas Usunier and
               Alberto Garc{\'{\i}}a{-}Dur{\'{a}}n and
               Jason Weston and
               Oksana Yakhnenko},
  title     = {Translating Embeddings for Modeling Multi-relational Data},
  booktitle = {NIPS},
  pages     = {2787--2795},
  year      = {2013}
}

@inproceedings{WangZFC14,
  author    = {Zhen Wang and
               Jianwen Zhang and
               Jianlin Feng and
               Zheng Chen},
  title     = {Knowledge Graph Embedding by Translating on Hyperplanes},
  booktitle = {Proc. of AAAI},
  pages     = {1112--1119},
  year      = {2014}
}

@inproceedings{TransD,
  author    = {Guoliang Ji, Shizhu He, Liheng Xu, Kang Liu, and Jun Zhao},
  title     = {Knowledge Graph Embedding via Dynamicmapping Matrix},
  booktitle = {Proc. of ACL},
  pages     = {687--696},
  year      = {2015}
}

@inproceedings{embeddingtext,
  author    = {	Jiacheng Xu, Xipeng Qiu, Kan Chen and Xuanjing Huang},
  title     = {Knowledge Graph Representation with Jointly Structural and Textual Encoding},
  booktitle = {Proc. of IJCAI},
  pages     = {1318-1324},
  year      = {2017}
}

@inproceedings{LinLSLZ15,
  author    = {Yankai Lin and
               Zhiyuan Liu and
               Maosong Sun and
               Yang Liu and
               Xuan Zhu},
  title     = {Learning Entity and Relation Embeddings for Knowledge Graph Completion},
  booktitle = {Proc. of AAAI},
  pages     = {2181--2187},
  year      = {2015}
}

@inproceedings{NickelRP16,
  author    = {Maximilian Nickel and
               Lorenzo Rosasco and
               Tomaso A. Poggio},
  title     = {Holographic Embeddings of Knowledge Graphs},
  booktitle = {Proc. of AAAI},
  pages     = {1955--1961},
  year      = {2016}
}

@inproceedings{FengHYZ16,
  author    = {Jun Feng and
               Minlie Huang and
               Yang Yang and
               Xiaoyan Zhu},
  title     = {GAKE: Graph Aware Knowledge Embedding},
  booktitle = {COLING},
  pages     = {641--651},
  year      = {2016}
}

@inproceedings{LinLLSRL15,
  author    = {Yankai Lin and
               Zhiyuan Liu and
               Huan{-}Bo Luan and
               Maosong Sun and
               Siwei Rao and
               Song Liu},
  title     = {Modeling Relation Paths for Representation Learning of Knowledge Bases},
  booktitle = {Proc. of EMNLP},
  pages     = {705--714},
  year      = {2015}
}

@inproceedings{LinLS16,
  author    = {Yankai Lin and
               Zhiyuan Liu and
               Maosong Sun},
  title     = {Knowledge Representation Learning with Entities, Attributes and Relations},
  booktitle = {Proc. of IJCAI},
  pages     = {2866--2872},
  year      = {2016}
}

@inproceedings{BollackerEPST08,
  author    = {Kurt D. Bollacker and
               Colin Evans and
               Praveen Paritosh and
               Tim Sturge and
               Jamie Taylor},
  title     = {Freebase: a collaboratively created graph database for structuring
               human knowledge},
  booktitle = {Proc. of SIGMOD},
  pages     = {1247--1250},
  year      = {2008}
}

@inproceedings{BordesWCB11,
  author    = {Antoine Bordes and
               Jason Weston and
               Ronan Collobert and
               Yoshua Bengio},
  title     = {Learning Structured Embeddings of Knowledge Bases},
  booktitle = {Proc. of the AAAI},
  year      = {2011}
}

@inproceedings{typeconstrains,
  author    = {Denis KrompaB,Stephan Baier and Volker Tresp},
  title     = {Type-Constrained Representation Learning in Knowledge Graphs},
  booktitle = {Proc. of the ISWC},
  year      = {2015}
}

@article{BordesGWB14,
  author    = {Antoine Bordes and
               Xavier Glorot and
               Jason Weston and
               Yoshua Bengio},
  title     = {A semantic matching energy function for learning with multi-relational
               data - Application to word-sense disambiguation},
  journal   = {Machine Learning},
  volume    = {94},
  number    = {2},
  pages     = {233--259},
  year      = {2014}
}

@inproceedings{JenattonRBO12,
  author    = {Rodolphe Jenatton and
               Nicolas Le Roux and
               Antoine Bordes and
               Guillaume Obozinski},
  title     = {A latent factor model for highly multi-relational data},
  booktitle = {NIPS},
  pages     = {3176--3184},
  year      = {2012}
}

@article{Nickel0TG16,
  author    = {Maximilian Nickel and
               Kevin Murphy and
               Volker Tresp and
               Evgeniy Gabrilovich},
  title     = {A Review of Relational Machine Learning for Knowledge Graphs},
  journal   = {Proc. of IEEE},
  volume    = {104},
  number    = {1},
  pages     = {11--33},
  year      = {2016}
}

@inproceedings{Toutanova16,
  author    = {Toutanova K, Lin V, Yih W, et al.},
  title     = {Compositional Learning of Embeddings for Relation Paths in Knowledge Base and Text},
  booktitle = {Proc. of ACL},
  pages     = {1120--1136},
  year      = {2016}
}

@inproceedings{DBLP:conf/emnlp/WangZFC14,
  author    = {Zhen Wang and
               Jianwen Zhang and
               Jianlin Feng and
               Zheng Chen},
  title     = {Knowledge Graph and Text Jointly Embedding},
  booktitle = {Proc. of EMNLP},
  pages     = {1591--1601},
  year      = {2014}
}

@inproceedings{DBLP:conf/nips/MikolovSCCD13,
  author    = {Tomas Mikolov and
               Ilya Sutskever and
               Kai Chen and
               Gregory S. Corrado and
               Jeffrey Dean},
  title     = {Distributed Representations of Words and Phrases and their Compositionality},
  booktitle = {NIPS},
  pages     = {3111--3119},
  year      = {2013}
}

@inproceedings{DBLP:conf/emnlp/GuoWWWG16,
  author    = {Shu Guo and
               Quan Wang and
               Lihong Wang and
               Bin Wang and
               Li Guo},
  title     = {Jointly Embedding Knowledge Graphs and Logical Rules},
  booktitle = {Proc. of EMNLP},
  pages     = {192--202},
  year      = {2016}
}

@inproceedings{DBLP:conf/emnlp/LaoMC11,
  author    = {Ni Lao and
               Tom M. Mitchell and
               William W. Cohen},
  title     = {Random Walk Inference and Learning in a Large Scale Knowledge Base},
  booktitle = {Proc. of EMNLP},
  pages     = {529--539},
  year      = {2011}
}

	
@article{ brachman-schmolze:kl-one,
  author = "Ronald~J. Brachman and James~G. Schmolze",
  title = "An overview of the {KL-ONE} knowledge representation system",
  journal = "Cognitive Science",
  volume = "9",
  number = "2",
  pages = "171--216",
  month = "April--June",
  year = "1985"
}

@article{ gottlob:nonmon,
  author = "Georg Gottlob",
  title = "Complexity results for nonmonotonic logics",
  journal = "Journal of Logic and Computation",
  volume = "2",
  number = "3",
  pages = "397--425",
  month = "June",
  year = "1992"
}

@article{ gls:hypertrees,
  author = "Georg Gottlob and Nicola Leone and Francesco Scarcello",
  title = "Hypertree Decompositions and Tractable Queries",
  journal = "Journal of Computer and System Sciences",
  volume = "64",
  number = "3",
  pages = "579--627",
  month = "May",
  year = "2002"
}

@article{ levesque:functional-foundations,
  author = "Hector~J. Levesque",
  title = "Foundations of a functional approach to knowledge representation",
  journal = "Artificial Intelligence",
  volume = "23",
  number = "2",
  pages = "155--212",
  month = "July",
  year = "1984"
}

@inproceedings{ levesque:belief,
  author = "Hector~J. Levesque",
  title = "A logic of implicit and explicit belief",
  booktitle = "Proceedings of the Fourth National Conference on Artificial Intelligence",
  publisher = "American Association for Artificial Intelligence",
  pages = "198--202",
  address = "Austin, Texas",
  month = "August",
  year = "1984"
}

@article{ nebel:jair-2000,
  author = "Bernhard Nebel",
  title = "On the compilability and expressive power of propositional planning formalisms",
  journal = "Journal of Artificial Intelligence Research",
  volume = "12",
  pages = "271--315",
  year = "2000"
}
